@misc{SuturePost,
  title        = "Suture - Supervisor Trees for Go",
  author       = "Jeremy Bowers \url{https://github.com/thejerf}",
  howpublished = "\url{http://www.jerf.org/iri/post/2930}",
  year         = 2020
}

@misc{ErlangOTPDocs,
  title        = "Erlang - OTP Design Principles",
  howpublished = "\url{https://erlang.org/doc/design_principles/des_princ.html}",
}